%YAML 1.1
%TAG !u! tag:unity3d.com,2011:
--- !u!1 &6101594023433260252
GameObject:
  m_ObjectHideFlags: 0
  m_CorrespondingSourceObject: {fileID: 0}
  m_PrefabInstance: {fileID: 0}
  m_PrefabAsset: {fileID: 0}
  serializedVersion: 6
  m_Component:
  - component: {fileID: 6105236185821520520}
  - component: {fileID: 447137931479227722}
  - component: {fileID: 6115169379777562632}
  - component: {fileID: 6124740792031914860}
  m_Layer: 0
  m_Name: M1911
  m_TagString: Untagged
  m_Icon: {fileID: 5132851093641282708, guid: 0000000000000000d000000000000000, type: 0}
  m_NavMeshLayer: 0
  m_StaticEditorFlags: 0
  m_IsActive: 1
--- !u!4 &6105236185821520520
Transform:
  m_ObjectHideFlags: 0
  m_CorrespondingSourceObject: {fileID: 0}
  m_PrefabInstance: {fileID: 0}
  m_PrefabAsset: {fileID: 0}
  m_GameObject: {fileID: 6101594023433260252}
  m_LocalRotation: {x: 0, y: 0, z: 0, w: 1}
  m_LocalPosition: {x: -1.391, y: 0.727, z: 0.221}
  m_LocalScale: {x: 1.8300025, y: 1.8300034, z: 1.8300046}
  m_Children:
  - {fileID: 6105403298491760770}
  - {fileID: 6099163176936246678}
  - {fileID: 6105346514520074904}
  - {fileID: 6099191366414183528}
  - {fileID: 9166233809794299175}
  m_Father: {fileID: 0}
  m_RootOrder: 0
  m_LocalEulerAnglesHint: {x: 0, y: 0, z: 0}
--- !u!114 &447137931479227722
MonoBehaviour:
  m_ObjectHideFlags: 0
  m_CorrespondingSourceObject: {fileID: 0}
  m_PrefabInstance: {fileID: 0}
  m_PrefabAsset: {fileID: 0}
  m_GameObject: {fileID: 6101594023433260252}
  m_Enabled: 1
  m_EditorHideFlags: 0
  m_Script: {fileID: 11500000, guid: a9103a59bf52c9d4b9c6bf383578755b, type: 3}
  m_Name: 
  m_EditorClassIdentifier: 
  _weaponDMG: 80
  _weaponFireRate: 0.8
  _weaponHitForce: 10
  _weaponMaxAmmoCount: 8
  _weaponReloadSpeed: 1.5
  _weaponShotSpot: {fileID: 0}
  _weaponRange: 20
  _weaponMuzzleFlash: {fileID: 9166233809793935623}
  _weaponShotEffectDurration: 0
  _weaponImpactEffect: {fileID: 8477573015336357803, guid: bc8c5c8acda42cc4a9a77b00244b5076,
    type: 3}
  _weaponImpactEffectDurration: 0.8
  _weaponBulletEffect: {fileID: 6318237168400290840, guid: 069f9bf08ca0bcc4198635db81ac2ea8,
    type: 3}
  _weaponBulletSpeed: 100
  _weaponBulletEffectDurration: 1
  _laserEffect: {fileID: 0}
--- !u!33 &6115169379777562632
MeshFilter:
  m_ObjectHideFlags: 0
  m_CorrespondingSourceObject: {fileID: 0}
  m_PrefabInstance: {fileID: 0}
  m_PrefabAsset: {fileID: 0}
  m_GameObject: {fileID: 6101594023433260252}
  m_Mesh: {fileID: 4300000, guid: b812e42521a5a27499e76cc5ed56e3ac, type: 3}
--- !u!23 &6124740792031914860
MeshRenderer:
  m_ObjectHideFlags: 0
  m_CorrespondingSourceObject: {fileID: 0}
  m_PrefabInstance: {fileID: 0}
  m_PrefabAsset: {fileID: 0}
  m_GameObject: {fileID: 6101594023433260252}
  m_Enabled: 1
  m_CastShadows: 1
  m_ReceiveShadows: 1
  m_DynamicOccludee: 1
  m_MotionVectors: 1
  m_LightProbeUsage: 1
  m_ReflectionProbeUsage: 1
  m_RenderingLayerMask: 4294967295
  m_RendererPriority: 0
  m_Materials:
  - {fileID: 2100000, guid: 28f0b13c7e9707746b5e0b3336181560, type: 2}
  m_StaticBatchInfo:
    firstSubMesh: 0
    subMeshCount: 0
  m_StaticBatchRoot: {fileID: 0}
  m_ProbeAnchor: {fileID: 0}
  m_LightProbeVolumeOverride: {fileID: 0}
  m_ScaleInLightmap: 1
  m_PreserveUVs: 0
  m_IgnoreNormalsForChartDetection: 0
  m_ImportantGI: 0
  m_StitchLightmapSeams: 0
  m_SelectedEditorRenderState: 3
  m_MinimumChartSize: 4
  m_AutoUVMaxDistance: 0.5
  m_AutoUVMaxAngle: 89
  m_LightmapParameters: {fileID: 0}
  m_SortingLayerID: 0
  m_SortingLayer: 0
  m_SortingOrder: 0
--- !u!1 &6101608094560869980
GameObject:
  m_ObjectHideFlags: 0
  m_CorrespondingSourceObject: {fileID: 0}
  m_PrefabInstance: {fileID: 0}
  m_PrefabAsset: {fileID: 0}
  serializedVersion: 6
  m_Component:
  - component: {fileID: 6105346514520074904}
  - component: {fileID: 6114947912603306166}
  - component: {fileID: 6122790030065572110}
  m_Layer: 0
  m_Name: Slide
  m_TagString: Untagged
  m_Icon: {fileID: 0}
  m_NavMeshLayer: 0
  m_StaticEditorFlags: 0
  m_IsActive: 1
--- !u!4 &6105346514520074904
Transform:
  m_ObjectHideFlags: 0
  m_CorrespondingSourceObject: {fileID: 0}
  m_PrefabInstance: {fileID: 0}
  m_PrefabAsset: {fileID: 0}
  m_GameObject: {fileID: 6101608094560869980}
  m_LocalRotation: {x: 0, y: -0, z: -0, w: 1}
  m_LocalPosition: {x: -0, y: 0.008086923, z: -0.13872743}
  m_LocalScale: {x: 1, y: 1, z: 1}
  m_Children: []
  m_Father: {fileID: 6105236185821520520}
  m_RootOrder: 2
  m_LocalEulerAnglesHint: {x: 0, y: 0, z: 0}
--- !u!33 &6114947912603306166
MeshFilter:
  m_ObjectHideFlags: 0
  m_CorrespondingSourceObject: {fileID: 0}
  m_PrefabInstance: {fileID: 0}
  m_PrefabAsset: {fileID: 0}
  m_GameObject: {fileID: 6101608094560869980}
  m_Mesh: {fileID: 4300008, guid: b812e42521a5a27499e76cc5ed56e3ac, type: 3}
--- !u!23 &6122790030065572110
MeshRenderer:
  m_ObjectHideFlags: 0
  m_CorrespondingSourceObject: {fileID: 0}
  m_PrefabInstance: {fileID: 0}
  m_PrefabAsset: {fileID: 0}
  m_GameObject: {fileID: 6101608094560869980}
  m_Enabled: 1
  m_CastShadows: 1
  m_ReceiveShadows: 1
  m_DynamicOccludee: 1
  m_MotionVectors: 1
  m_LightProbeUsage: 1
  m_ReflectionProbeUsage: 1
  m_RenderingLayerMask: 4294967295
  m_RendererPriority: 0
  m_Materials:
  - {fileID: 2100000, guid: 28f0b13c7e9707746b5e0b3336181560, type: 2}
  m_StaticBatchInfo:
    firstSubMesh: 0
    subMeshCount: 0
  m_StaticBatchRoot: {fileID: 0}
  m_ProbeAnchor: {fileID: 0}
  m_LightProbeVolumeOverride: {fileID: 0}
  m_ScaleInLightmap: 1
  m_PreserveUVs: 0
  m_IgnoreNormalsForChartDetection: 0
  m_ImportantGI: 0
  m_StitchLightmapSeams: 0
  m_SelectedEditorRenderState: 3
  m_MinimumChartSize: 4
  m_AutoUVMaxDistance: 0.5
  m_AutoUVMaxAngle: 89
  m_LightmapParameters: {fileID: 0}
  m_SortingLayerID: 0
  m_SortingLayer: 0
  m_SortingOrder: 0
--- !u!1 &6101773056324505190
GameObject:
  m_ObjectHideFlags: 0
  m_CorrespondingSourceObject: {fileID: 0}
  m_PrefabInstance: {fileID: 0}
  m_PrefabAsset: {fileID: 0}
  serializedVersion: 6
  m_Component:
  - component: {fileID: 6099163176936246678}
  - component: {fileID: 6115162256280592482}
  - component: {fileID: 6124689131670872800}
  m_Layer: 0
  m_Name: Magazin
  m_TagString: Untagged
  m_Icon: {fileID: 0}
  m_NavMeshLayer: 0
  m_StaticEditorFlags: 0
  m_IsActive: 1
--- !u!4 &6099163176936246678
Transform:
  m_ObjectHideFlags: 0
  m_CorrespondingSourceObject: {fileID: 0}
  m_PrefabInstance: {fileID: 0}
  m_PrefabAsset: {fileID: 0}
  m_GameObject: {fileID: 6101773056324505190}
  m_LocalRotation: {x: -0.17949022, y: 0, z: -0, w: 0.98375976}
  m_LocalPosition: {x: -0, y: -0.051864732, z: 0.047690168}
  m_LocalScale: {x: 1, y: 1, z: 1}
  m_Children: []
  m_Father: {fileID: 6105236185821520520}
  m_RootOrder: 1
  m_LocalEulerAnglesHint: {x: 0, y: 0, z: 0}
--- !u!33 &6115162256280592482
MeshFilter:
  m_ObjectHideFlags: 0
  m_CorrespondingSourceObject: {fileID: 0}
  m_PrefabInstance: {fileID: 0}
  m_PrefabAsset: {fileID: 0}
  m_GameObject: {fileID: 6101773056324505190}
  m_Mesh: {fileID: 4300006, guid: b812e42521a5a27499e76cc5ed56e3ac, type: 3}
--- !u!23 &6124689131670872800
MeshRenderer:
  m_ObjectHideFlags: 0
  m_CorrespondingSourceObject: {fileID: 0}
  m_PrefabInstance: {fileID: 0}
  m_PrefabAsset: {fileID: 0}
  m_GameObject: {fileID: 6101773056324505190}
  m_Enabled: 1
  m_CastShadows: 1
  m_ReceiveShadows: 1
  m_DynamicOccludee: 1
  m_MotionVectors: 1
  m_LightProbeUsage: 1
  m_ReflectionProbeUsage: 1
  m_RenderingLayerMask: 4294967295
  m_RendererPriority: 0
  m_Materials:
  - {fileID: 2100000, guid: 28f0b13c7e9707746b5e0b3336181560, type: 2}
  m_StaticBatchInfo:
    firstSubMesh: 0
    subMeshCount: 0
  m_StaticBatchRoot: {fileID: 0}
  m_ProbeAnchor: {fileID: 0}
  m_LightProbeVolumeOverride: {fileID: 0}
  m_ScaleInLightmap: 1
  m_PreserveUVs: 0
  m_IgnoreNormalsForChartDetection: 0
  m_ImportantGI: 0
  m_StitchLightmapSeams: 0
  m_SelectedEditorRenderState: 3
  m_MinimumChartSize: 4
  m_AutoUVMaxDistance: 0.5
  m_AutoUVMaxAngle: 89
  m_LightmapParameters: {fileID: 0}
  m_SortingLayerID: 0
  m_SortingLayer: 0
  m_SortingOrder: 0
--- !u!1 &6102048731159652022
GameObject:
  m_ObjectHideFlags: 0
  m_CorrespondingSourceObject: {fileID: 0}
  m_PrefabInstance: {fileID: 0}
  m_PrefabAsset: {fileID: 0}
  serializedVersion: 6
  m_Component:
  - component: {fileID: 6099191366414183528}
  - component: {fileID: 6114769585722557830}
  - component: {fileID: 6124720814648932396}
  m_Layer: 0
  m_Name: Trigger
  m_TagString: Untagged
  m_Icon: {fileID: 0}
  m_NavMeshLayer: 0
  m_StaticEditorFlags: 0
  m_IsActive: 1
--- !u!4 &6099191366414183528
Transform:
  m_ObjectHideFlags: 0
  m_CorrespondingSourceObject: {fileID: 0}
  m_PrefabInstance: {fileID: 0}
  m_PrefabAsset: {fileID: 0}
  m_GameObject: {fileID: 6102048731159652022}
  m_LocalRotation: {x: 0, y: -0, z: -0, w: 1}
  m_LocalPosition: {x: -0, y: -0.01959248, z: -0.006108732}
  m_LocalScale: {x: 1, y: 1, z: 1}
  m_Children: []
  m_Father: {fileID: 6105236185821520520}
  m_RootOrder: 3
  m_LocalEulerAnglesHint: {x: 0, y: 0, z: 0}
--- !u!33 &6114769585722557830
MeshFilter:
  m_ObjectHideFlags: 0
  m_CorrespondingSourceObject: {fileID: 0}
  m_PrefabInstance: {fileID: 0}
  m_PrefabAsset: {fileID: 0}
  m_GameObject: {fileID: 6102048731159652022}
  m_Mesh: {fileID: 4300004, guid: b812e42521a5a27499e76cc5ed56e3ac, type: 3}
--- !u!23 &6124720814648932396
MeshRenderer:
  m_ObjectHideFlags: 0
  m_CorrespondingSourceObject: {fileID: 0}
  m_PrefabInstance: {fileID: 0}
  m_PrefabAsset: {fileID: 0}
  m_GameObject: {fileID: 6102048731159652022}
  m_Enabled: 1
  m_CastShadows: 1
  m_ReceiveShadows: 1
  m_DynamicOccludee: 1
  m_MotionVectors: 1
  m_LightProbeUsage: 1
  m_ReflectionProbeUsage: 1
  m_RenderingLayerMask: 4294967295
  m_RendererPriority: 0
  m_Materials:
  - {fileID: 2100000, guid: 28f0b13c7e9707746b5e0b3336181560, type: 2}
  m_StaticBatchInfo:
    firstSubMesh: 0
    subMeshCount: 0
  m_StaticBatchRoot: {fileID: 0}
  m_ProbeAnchor: {fileID: 0}
  m_LightProbeVolumeOverride: {fileID: 0}
  m_ScaleInLightmap: 1
  m_PreserveUVs: 0
  m_IgnoreNormalsForChartDetection: 0
  m_ImportantGI: 0
  m_StitchLightmapSeams: 0
  m_SelectedEditorRenderState: 3
  m_MinimumChartSize: 4
  m_AutoUVMaxDistance: 0.5
  m_AutoUVMaxAngle: 89
  m_LightmapParameters: {fileID: 0}
  m_SortingLayerID: 0
  m_SortingLayer: 0
  m_SortingOrder: 0
--- !u!1 &6102331804918045366
GameObject:
  m_ObjectHideFlags: 0
  m_CorrespondingSourceObject: {fileID: 0}
  m_PrefabInstance: {fileID: 0}
  m_PrefabAsset: {fileID: 0}
  serializedVersion: 6
  m_Component:
  - component: {fileID: 6105403298491760770}
  - component: {fileID: 6115415048711406130}
  - component: {fileID: 6124668696033722544}
  m_Layer: 0
  m_Name: Hammer
  m_TagString: Untagged
  m_Icon: {fileID: 0}
  m_NavMeshLayer: 0
  m_StaticEditorFlags: 0
  m_IsActive: 1
--- !u!4 &6105403298491760770
Transform:
  m_ObjectHideFlags: 0
  m_CorrespondingSourceObject: {fileID: 0}
  m_PrefabInstance: {fileID: 0}
  m_PrefabAsset: {fileID: 0}
  m_GameObject: {fileID: 6102331804918045366}
  m_LocalRotation: {x: 0, y: -0, z: -0, w: 1}
  m_LocalPosition: {x: -0, y: 0.039497424, z: 0.0456995}
  m_LocalScale: {x: 1, y: 1, z: 1}
  m_Children: []
  m_Father: {fileID: 6105236185821520520}
  m_RootOrder: 0
  m_LocalEulerAnglesHint: {x: 0, y: 0, z: 0}
--- !u!33 &6115415048711406130
MeshFilter:
  m_ObjectHideFlags: 0
  m_CorrespondingSourceObject: {fileID: 0}
  m_PrefabInstance: {fileID: 0}
  m_PrefabAsset: {fileID: 0}
  m_GameObject: {fileID: 6102331804918045366}
  m_Mesh: {fileID: 4300002, guid: b812e42521a5a27499e76cc5ed56e3ac, type: 3}
--- !u!23 &6124668696033722544
MeshRenderer:
  m_ObjectHideFlags: 0
  m_CorrespondingSourceObject: {fileID: 0}
  m_PrefabInstance: {fileID: 0}
  m_PrefabAsset: {fileID: 0}
  m_GameObject: {fileID: 6102331804918045366}
  m_Enabled: 1
  m_CastShadows: 1
  m_ReceiveShadows: 1
  m_DynamicOccludee: 1
  m_MotionVectors: 1
  m_LightProbeUsage: 1
  m_ReflectionProbeUsage: 1
  m_RenderingLayerMask: 4294967295
  m_RendererPriority: 0
  m_Materials:
  - {fileID: 2100000, guid: 28f0b13c7e9707746b5e0b3336181560, type: 2}
  m_StaticBatchInfo:
    firstSubMesh: 0
    subMeshCount: 0
  m_StaticBatchRoot: {fileID: 0}
  m_ProbeAnchor: {fileID: 0}
  m_LightProbeVolumeOverride: {fileID: 0}
  m_ScaleInLightmap: 1
  m_PreserveUVs: 0
  m_IgnoreNormalsForChartDetection: 0
  m_ImportantGI: 0
  m_StitchLightmapSeams: 0
  m_SelectedEditorRenderState: 3
  m_MinimumChartSize: 4
  m_AutoUVMaxDistance: 0.5
  m_AutoUVMaxAngle: 89
  m_LightmapParameters: {fileID: 0}
  m_SortingLayerID: 0
  m_SortingLayer: 0
  m_SortingOrder: 0
--- !u!1001 &4917343566156581037
PrefabInstance:
  m_ObjectHideFlags: 0
  serializedVersion: 2
  m_Modification:
    m_TransformParent: {fileID: 6105236185821520520}
    m_Modifications:
    - target: {fileID: 4253906026805436842, guid: 2c866f1a3678c73469e7777031491e83,
        type: 3}
      propertyPath: m_Name
      value: MuzzleFlash
      objectReference: {fileID: 0}
    - target: {fileID: 4253906026805738890, guid: 2c866f1a3678c73469e7777031491e83,
        type: 3}
      propertyPath: m_LocalPosition.x
      value: 0.0008
      objectReference: {fileID: 0}
    - target: {fileID: 4253906026805738890, guid: 2c866f1a3678c73469e7777031491e83,
        type: 3}
      propertyPath: m_LocalPosition.y
      value: 0.0261
      objectReference: {fileID: 0}
    - target: {fileID: 4253906026805738890, guid: 2c866f1a3678c73469e7777031491e83,
        type: 3}
      propertyPath: m_LocalPosition.z
      value: -0.406
      objectReference: {fileID: 0}
    - target: {fileID: 4253906026805738890, guid: 2c866f1a3678c73469e7777031491e83,
        type: 3}
      propertyPath: m_LocalRotation.x
      value: 0
      objectReference: {fileID: 0}
    - target: {fileID: 4253906026805738890, guid: 2c866f1a3678c73469e7777031491e83,
        type: 3}
      propertyPath: m_LocalRotation.y
      value: 0.7071068
      objectReference: {fileID: 0}
    - target: {fileID: 4253906026805738890, guid: 2c866f1a3678c73469e7777031491e83,
        type: 3}
      propertyPath: m_LocalRotation.z
      value: 0
      objectReference: {fileID: 0}
    - target: {fileID: 4253906026805738890, guid: 2c866f1a3678c73469e7777031491e83,
        type: 3}
      propertyPath: m_LocalRotation.w
      value: 0.7071068
      objectReference: {fileID: 0}
    - target: {fileID: 4253906026805738890, guid: 2c866f1a3678c73469e7777031491e83,
        type: 3}
      propertyPath: m_RootOrder
      value: 4
      objectReference: {fileID: 0}
    - target: {fileID: 4253906026805738890, guid: 2c866f1a3678c73469e7777031491e83,
        type: 3}
      propertyPath: m_LocalEulerAnglesHint.x
      value: 0
      objectReference: {fileID: 0}
    - target: {fileID: 4253906026805738890, guid: 2c866f1a3678c73469e7777031491e83,
        type: 3}
      propertyPath: m_LocalEulerAnglesHint.y
      value: 90
      objectReference: {fileID: 0}
    - target: {fileID: 4253906026805738890, guid: 2c866f1a3678c73469e7777031491e83,
        type: 3}
      propertyPath: m_LocalEulerAnglesHint.z
      value: 0
      objectReference: {fileID: 0}
    - target: {fileID: 4253906026787387594, guid: 2c866f1a3678c73469e7777031491e83,
        type: 3}
      propertyPath: looping
      value: 1
      objectReference: {fileID: 0}
    - target: {fileID: 4253906026787387594, guid: 2c866f1a3678c73469e7777031491e83,
        type: 3}
      propertyPath: prewarm
      value: 1
      objectReference: {fileID: 0}
    - target: {fileID: 4253906026787387594, guid: 2c866f1a3678c73469e7777031491e83,
        type: 3}
      propertyPath: playOnAwake
      value: 1
      objectReference: {fileID: 0}
    - target: {fileID: 4253906026787387596, guid: 2c866f1a3678c73469e7777031491e83,
        type: 3}
      propertyPath: looping
      value: 1
      objectReference: {fileID: 0}
    - target: {fileID: 4253906026787387596, guid: 2c866f1a3678c73469e7777031491e83,
        type: 3}
      propertyPath: prewarm
      value: 1
      objectReference: {fileID: 0}
    - target: {fileID: 4253906026787387596, guid: 2c866f1a3678c73469e7777031491e83,
        type: 3}
      propertyPath: playOnAwake
      value: 1
      objectReference: {fileID: 0}
    - target: {fileID: 4253906026787387598, guid: 2c866f1a3678c73469e7777031491e83,
        type: 3}
      propertyPath: looping
      value: 1
      objectReference: {fileID: 0}
    - target: {fileID: 4253906026787387598, guid: 2c866f1a3678c73469e7777031491e83,
        type: 3}
      propertyPath: prewarm
      value: 1
      objectReference: {fileID: 0}
    - target: {fileID: 4253906026787387598, guid: 2c866f1a3678c73469e7777031491e83,
        type: 3}
      propertyPath: playOnAwake
      value: 1
      objectReference: {fileID: 0}
    - target: {fileID: 4253906026787387592, guid: 2c866f1a3678c73469e7777031491e83,
        type: 3}
      propertyPath: looping
      value: 1
      objectReference: {fileID: 0}
    - target: {fileID: 4253906026787387592, guid: 2c866f1a3678c73469e7777031491e83,
        type: 3}
      propertyPath: prewarm
      value: 1
      objectReference: {fileID: 0}
    - target: {fileID: 4253906026787387592, guid: 2c866f1a3678c73469e7777031491e83,
        type: 3}
      propertyPath: playOnAwake
      value: 1
      objectReference: {fileID: 0}
    - target: {fileID: 4253906026787387588, guid: 2c866f1a3678c73469e7777031491e83,
        type: 3}
      propertyPath: looping
      value: 1
      objectReference: {fileID: 0}
    - target: {fileID: 4253906026787387588, guid: 2c866f1a3678c73469e7777031491e83,
        type: 3}
      propertyPath: prewarm
      value: 1
      objectReference: {fileID: 0}
    - target: {fileID: 4253906026787387588, guid: 2c866f1a3678c73469e7777031491e83,
        type: 3}
      propertyPath: playOnAwake
      value: 1
      objectReference: {fileID: 0}
    - target: {fileID: 4253906026787387590, guid: 2c866f1a3678c73469e7777031491e83,
        type: 3}
      propertyPath: looping
      value: 1
      objectReference: {fileID: 0}
    - target: {fileID: 4253906026787387590, guid: 2c866f1a3678c73469e7777031491e83,
        type: 3}
      propertyPath: prewarm
      value: 1
      objectReference: {fileID: 0}
    - target: {fileID: 4253906026787387590, guid: 2c866f1a3678c73469e7777031491e83,
        type: 3}
      propertyPath: playOnAwake
      value: 1
      objectReference: {fileID: 0}
    - target: {fileID: 4253906026787387590, guid: 2c866f1a3678c73469e7777031491e83,
        type: 3}
      propertyPath: InitialModule.startSizeY.minMaxState
      value: 3
      objectReference: {fileID: 0}
    - target: {fileID: 4253906026787387590, guid: 2c866f1a3678c73469e7777031491e83,
        type: 3}
      propertyPath: InitialModule.startSizeZ.minMaxState
      value: 3
      objectReference: {fileID: 0}
    m_RemovedComponents: []
  m_SourcePrefab: {fileID: 100100000, guid: 2c866f1a3678c73469e7777031491e83, type: 3}
--- !u!1 &9166233809793935623 stripped
GameObject:
  m_CorrespondingSourceObject: {fileID: 4253906026805436842, guid: 2c866f1a3678c73469e7777031491e83,
    type: 3}
  m_PrefabInstance: {fileID: 4917343566156581037}
  m_PrefabAsset: {fileID: 0}
--- !u!4 &9166233809794299175 stripped
Transform:
  m_CorrespondingSourceObject: {fileID: 4253906026805738890, guid: 2c866f1a3678c73469e7777031491e83,
    type: 3}
  m_PrefabInstance: {fileID: 4917343566156581037}
  m_PrefabAsset: {fileID: 0}
